
<record>
  <controlfield tag="001">1206181</controlfield>
  <datafield tag="024" ind1="7" ind2=" ">
    <subfield code="a">10.1393/ncc/i2011-11091-8</subfield>
    <subfield code="2">DOI</subfield>
  </datafield>
  <datafield tag="035" ind1=" " ind2=" ">
    <subfield code="a">Bonechi:2011xe</subfield>
    <subfield code="9">SPIRESTeX</subfield>
  </datafield>
  <datafield tag="035" ind1=" " ind2=" ">
    <subfield code="9">DESY</subfield>
    <subfield code="z">DA19-kp15bm</subfield>
  </datafield>
  <datafield tag="245" ind1=" " ind2=" ">
    <subfield code="a">First results from LHCf for forward physics in s**(1/2) = 7-TeV proton-proton interactions</subfield>
  </datafield>
</record>