
<record>
  <controlfield tag="001">1126320</controlfield>
  <datafield tag="024" ind1="7" ind2=" ">
    <subfield code="a">10.1393/ncc/i2011-10841-x</subfield>
    <subfield code="2">DOI</subfield>
  </datafield>
  <datafield tag="035" ind1=" " ind2=" ">
    <subfield code="a">Menjo:2011zz</subfield>
    <subfield code="9">SPIRESTeX</subfield>
  </datafield>
  <datafield tag="035" ind1=" " ind2=" ">
    <subfield code="9">CDS</subfield>
    <subfield code="a">1434705</subfield>
  </datafield>
  <datafield tag="035" ind1=" " ind2=" ">
    <subfield code="9">DESY</subfield>
    <subfield code="z">DA19-kp23z</subfield>
  </datafield>
  <datafield tag="245" ind1=" " ind2=" ">
    <subfield code="a">Comparison of hadron interaction models with measurement of forward spectra by the LHCf apparatus</subfield>
  </datafield>
</record>

</collection>